<?xml version="1.0" encoding="UTF-8"?><collection xmlns="http://www.loc.gov/MARC21/slim"><record><leader>00499nam--2200181-i-4500</leader><controlfield tag="001">000002711</controlfield><controlfield tag="002">20161230</controlfield><controlfield tag="005">20161230201025</controlfield><controlfield tag="008">060222s1000------------r-----000-0-fre-d</controlfield><datafield ind1=" " ind2=" " tag="040"><subfield code="a">IFIN-HH</subfield></datafield><datafield ind1=" " ind2=" " tag="041"><subfield code="a">fre</subfield></datafield><datafield ind1=" " ind2=" " tag="080"><subfield code="a">530-145</subfield></datafield><datafield ind1="1" ind2=" " tag="100"><subfield code="a">Broglie, Louis De</subfield></datafield><datafield ind1="1" ind2="0" tag="245"><subfield code="a">La theorie des particules de spin 1/2</subfield><subfield code="b">(electrons de dirac)</subfield><subfield code="c">Louis de broglie</subfield></datafield><datafield ind1=" " ind2=" " tag="260"><subfield code="a">Paris</subfield><subfield code="b">Gauthier-villars, Imprimeur-editeur</subfield><subfield code="c">1952</subfield></datafield><datafield ind1=" " ind2=" " tag="300"><subfield code="a">165P</subfield></datafield><datafield ind1=" " ind2=" " tag="852"><subfield code="a">10199</subfield><subfield code="c">539.12</subfield></datafield><datafield ind1=" " ind2=" " tag="CAT"><subfield code="a">Sys</subfield><subfield code="c">20111102</subfield><subfield code="h">141946</subfield></datafield></record></collection>